<?xml version="1.0" encoding="UTF-8"?><collection xmlns="http://www.loc.gov/MARC21/slim"><record><leader>00662nam--2200193-u-4500</leader><controlfield tag="001">000053336</controlfield><controlfield tag="002">20161230</controlfield><controlfield tag="005">20161230201051</controlfield><controlfield tag="008">110315s1000------------r-----000-0-eng-d</controlfield><datafield ind1=" " ind2=" " tag="020"><subfield code="a">0750302798</subfield></datafield><datafield ind1=" " ind2=" " tag="040"><subfield code="a">IFIN-HH</subfield></datafield><datafield ind1=" " ind2=" " tag="080"><subfield code="a">524.352:524.354.6:539.1(063)</subfield></datafield><datafield ind1="1" ind2=" " tag="100"><subfield code="a">Guidry, M.W</subfield></datafield><datafield ind1="1" ind2="0" tag="245"><subfield code="a">Nuclear physics in the universe</subfield><subfield code="b">Proceedings of the first symposium on nuclear physics in the universe held in oak ridge, tennessee, usa, 24-26 september 1992</subfield><subfield code="c">M.w. guidry, m.r. stayer (eds.)</subfield></datafield><datafield ind1=" " ind2=" " tag="260"><subfield code="a">Bristol</subfield><subfield code="b">Institute Of Physics Publishing</subfield><subfield code="c">1993</subfield></datafield><datafield ind1=" " ind2=" " tag="300"><subfield code="a">491P</subfield></datafield><datafield ind1="1" ind2=" " tag="700"><subfield code="a">Stayer, M.R</subfield><subfield code="e">Ed</subfield></datafield><datafield ind1=" " ind2=" " tag="852"><subfield code="a">81592</subfield><subfield code="c">523</subfield></datafield><datafield ind1=" " ind2=" " tag="CAT"><subfield code="a">Sys</subfield><subfield code="c">20141210</subfield><subfield code="h">161225</subfield></datafield></record></collection>